@Manual{Rcoreteam,
    title = {R: A Language and Environment for Statistical Computing},
    author = {{R Core Team}},
    organization = {R Foundation for Statistical Computing},
     address = {Vienna, Austria},
     year = {2021},
     url = {https://www.R-project.org/},
 }
 @Misc{rstan,
    title = {{RStan}: the {R} interface to {Stan}},
    author = {{Stan Development Team}},
    note = {R package version 2.21.2},
    year = {2020},
    url = {http://mc-stan.org/},
}


@article{LEWANDOWSKI20091989,
title = {Generating random correlation matrices based on vines and extended onion method},
journal = {Journal of Multivariate Analysis},
volume = {100},
number = {9},
pages = {1989-2001},
year = {2009},
issn = {0047-259X},
doi = {https://doi.org/10.1016/j.jmva.2009.04.008},
url = {https://www.sciencedirect.com/science/article/pii/S0047259X09000876},
author = {Daniel Lewandowski and Dorota Kurowicka and Harry Joe},
keywords = {Dependence vines, Correlation matrix, Partial correlation, Onion method}
}

@article{bella2021foraging,
  title={Foraging behavior in visual search: A review of theoretical and mathematical models in humans and animals},
  author={Bella-Fern{\'a}ndez, Marcos and Suero Su{\~n}{\'e}, Manuel and Gil-G{\'o}mez de Lia{\~n}o, Beatriz},
  journal={Psychological research},
  pages={1--19},
  year={2021},
  publisher={Springer}
}

@article{clarke2022bayesian,
  title={A Bayesian statistical model is able to predict target-by-target selection behaviour in a human foraging task},
  author={Clarke, Alasdair DF and Hunt, Amelia R and Hughes, Anna E},
  journal={Vision},
  volume={6},
  number={4},
  pages={66},
  year={2022},
  publisher={MDPI}
}

@article{dawkins1971,
  title={Shifts of ‘attention’in chicks during feeding},
  author={Dawkins, Marian},
  journal={Animal Behaviour},
  volume={19},
  number={3},
  pages={575--582},
  year={1971},
  publisher={Elsevier}
}


@article{clarke2022foraging,
  title={Foraging as sampling without replacement: A Bayesian statistical model for estimating biases in target selection},
  author={Clarke, Alasdair DF and Hunt, Amelia R and Hughes, Anna E},
  journal={PLOS Computational Biology},
  volume={18},
  number={1},
  pages={e1009813},
  year={2022},
  publisher={Public Library of Science San Francisco, CA USA}
}

@article{kristjansson2014common,
  title={Common attentional constraints in visual foraging},
  author={Kristj{\'a}nsson, {\'A}rni and J{\'o}hannesson, {\'O}mar I and Thornton, Ian M},
  journal={PloS one},
  volume={9},
  number={6},
  pages={e100752},
  year={2014},
  publisher={Public Library of Science San Francisco, USA}
}

@article{wolfe2019guidance,
  title={Guidance and selection history in hybrid foraging visual search},
  author={Wolfe, Jeremy M and Cain, Matthew S and Aizenman, Avigael M},
  journal={Attention, Perception, \& Psychophysics},
  volume={81},
  pages={637--653},
  year={2019},
  publisher={Springer}
}

@article{wolfe2017five,
  title={Five factors that guide attention in visual search},
  author={Wolfe, Jeremy M and Horowitz, Todd S},
  journal={Nature Human Behaviour},
  volume={1},
  number={3},
  pages={0058},
  year={2017},
  publisher={Nature Publishing Group UK London}
}

@article{nityananda2021different,
  title={Different effects of reward value and saliency during bumblebee visual search for multiple rewarding targets},
  author={Nityananda, Vivek and Chittka, Lars},
  journal={Animal Cognition},
  volume={24},
  number={4},
  pages={803--814},
  year={2021},
  publisher={Springer}
}

@article{wiegand2021target,
  title={Target value and prevalence influence visual foraging in younger and older age},
  author={Wiegand, Iris and Wolfe, Jeremy M},
  journal={Vision research},
  volume={186},
  pages={87--102},
  year={2021},
  publisher={Elsevier}
}

@article{tagu2022selection,
  title={The selection balance: Contrasting value, proximity and priming in a multitarget foraging task},
  author={Tagu, J{\'e}r{\^o}me and Kristj{\'a}nsson, {\'A}rni},
  journal={Cognition},
  volume={218},
  pages={104935},
  year={2022},
  publisher={Elsevier}
}

@article{lynn1991scarcity,
  title={Scarcity effects on value: A quantitative review of the commodity theory literature},
  author={Lynn, Michael},
  journal={Psychology \& Marketing},
  volume={8},
  number={1},
  pages={43--57},
  year={1991},
  publisher={Wiley Online Library}
}

@article{shen2000distractor,
  title={Distractor ratio influences patterns of eye movements during visual search},
  author={Shen, Jiye and Reingold, Eyal M and Pomplun, Marc},
  journal={Perception},
  volume={29},
  number={2},
  pages={241--250},
  year={2000},
  publisher={SAGE Publications Sage UK: London, England}
}

@article{sobel2002roles,
  title={Roles of salience and strategy in conjunction search.},
  author={Sobel, Kenith V and Cave, Kyle R},
  journal={Journal of Experimental Psychology: Human Perception and Performance},
  volume={28},
  number={5},
  pages={1055},
  year={2002},
  publisher={American Psychological Association}
}

@incollection{brock1968implications,
  title={Implications of commodity theory for value change},
  author={Brock, Timothy C},
  booktitle={Psychological foundations of attitudes},
  pages={243--275},
  year={1968},
  publisher={Elsevier}
}


@article{sehnert2014scarcity,
  title={Scarcity, engagement, and value},
  author={Sehnert, Steen and Franks, Becca and Yap, Andy J and Higgins, E Tory},
  journal={Motivation and Emotion},
  volume={38},
  pages={823--831},
  year={2014},
  publisher={Springer}
}

@article{echelbarger2017value,
  title={The value of variety and scarcity across development},
  author={Echelbarger, Margaret and Gelman, Susan A},
  journal={Journal of experimental child psychology},
  volume={156},
  pages={43--61},
  year={2017},
  publisher={Elsevier}
}

@article{brock1992liberalization,
  title={Liberalization of commodity theory},
  author={Brock, Timothy C and Brannon, Laura A},
  journal={Basic and Applied Social Psychology},
  volume={13},
  number={1},
  pages={135--144},
  year={1992},
  publisher={Taylor \& Francis}
}

@article{clarke2022stable,
  title={Stable individual differences in strategies within, but not between, visual search tasks},
  author={Clarke, Alasdair DF and Irons, Jessica L and James, Warren and Leber, Andrew B and Hunt, Amelia R},
  journal={Quarterly Journal of Experimental Psychology},
  volume={75},
  number={2},
  pages={289--296},
  year={2022},
  publisher={SAGE Publications Sage UK: London, England}
}

@article{hills2015exploration,
  title={Exploration versus exploitation in space, mind, and society},
  author={Hills, Thomas T and Todd, Peter M and Lazer, David and Redish, A David and Couzin, Iain D},
  journal={Trends in cognitive sciences},
  volume={19},
  number={1},
  pages={46--54},
  year={2015},
  publisher={Elsevier}
}

@article{pretelli2022foraging,
  title={Foraging complexity and the evolution of childhood},
  author={Pretelli, Ilaria and Ringen, Erik and Lew-Levy, Sheina},
  journal={Science Advances},
  volume={8},
  number={41},
  pages={eabn9889},
  year={2022},
  publisher={American Association for the Advancement of Science}
}

@article{wolfe2018hybrid,
  title={Hybrid value foraging: How the value of targets shapes human foraging behavior},
  author={Wolfe, Jeremy M and Cain, Matthew S and Alaoui-Soce, Abla},
  journal={Attention, Perception, \& Psychophysics},
  volume={80},
  pages={609--621},
  year={2018},
  publisher={Springer}
}

@article{lynn1989scarcity,
  title={Scarcity effects on desirability: Mediated by assumed expensiveness?},
  author={Lynn, Michael},
  journal={Journal of economic psychology},
  volume={10},
  number={2},
  pages={257--274},
  year={1989},
  publisher={Elsevier}
}

@article{horowitz2017prevalence,
  title={Prevalence in visual search: From the clinic to the lab and back again},
  author={Horowitz, Todd S},
  journal={Japanese Psychological Research},
  volume={59},
  number={2},
  pages={65--108},
  year={2017},
  publisher={Wiley Online Library}
}